<?xml version="1.0" encoding="UTF-8"?><record xmlns="http://www.loc.gov/MARC21/slim" xmlns:cinclude="http://apache.org/cocoon/include/1.0" xmlns:zs="http://www.loc.gov/zing/srw/">
  <leader>00567nz  a2200157n  4500</leader>
  <controlfield tag="001">no2002039805</controlfield>
  <controlfield tag="003">DLC</controlfield>
  <controlfield tag="005">20020510052552.0</controlfield>
  <controlfield tag="008">020509n| acannaab           |a ana     c</controlfield>
  <datafield tag="010" ind1=" " ind2=" ">
    <subfield code="a">no2002039805</subfield>
  </datafield>
  <datafield tag="035" ind1=" " ind2=" ">
    <subfield code="a">(OCoLC)oca05757731</subfield>
  </datafield>
  <datafield tag="040" ind1=" " ind2=" ">
    <subfield code="a">PPi-MA</subfield>
    <subfield code="b">eng</subfield>
    <subfield code="c">PPi-MA</subfield>
  </datafield>
  <datafield tag="110" ind1="2" ind2=" ">
    <subfield code="a">Peanut Butter &amp; Julie (Musical group)</subfield>
  </datafield>
  <datafield tag="410" ind1="2" ind2=" ">
    <subfield code="a">Peanut Butter and Julie (Musical group)</subfield>
  </datafield>
  <datafield tag="410" ind1="2" ind2=" ">
    <subfield code="a">PB&amp;J (Musical group)</subfield>
  </datafield>
  <datafield tag="670" ind1=" " ind2=" ">
    <subfield code="a">Peanut Butter &amp; Julie (Musical group). The worst thing since sliced bread [SR] 2000:</subfield>
    <subfield code="b">label (Peanut Butter &amp; Julie; PB&amp;J) insert (Peanut Butter and Julie)</subfield>
  </datafield>
</record>